%% Created using Papers on Tue, 19 Jun 2018.
%% http://papersapp.com/papers/

@article{Schweighoffer:2017dm,
author = {Schweighoffer, Edina and Nys, Josquin and Vanes, Lesley and Smithers, Nicholas and Tybulewicz, Victor L J},
title = {{TLR4 signals in B lymphocytes are transduced via the B cell antigen receptor and SYK.}},
journal = {The Journal of experimental medicine},
year = {2017},
volume = {214},
number = {5},
pages = {1269--1280},
month = may
}

@article{Shinohara:2016ft,
author = {Shinohara, Hisaaki and Kurosaki, Tomohiro},
title = {{Negative role of TAK1 in marginal zone B-cell development incidental to NF-$\kappa$B noncanonical pathway activation}},
journal = {Immunology and Cell Biology},
year = {2016},
volume = {94},
number = {9},
pages = {821--829},
month = may
}

@article{Jones:2015jh,
author = {Jones, Derek D and Wilmore, Joel R and Allman, David},
title = {{Cellular Dynamics of Memory B Cell Populations: IgM +and IgG +Memory B Cells Persist Indefinitely as Quiescent Cells}},
journal = {The Journal of Immunology},
year = {2015},
volume = {195},
number = {10},
pages = {4753--4759},
month = nov
}

@article{Rosser:2015bk,
author = {Rosser, Elizabeth C and Mauri, Claudia},
title = {{Regulatory B Cells: Origin, Phenotype, and Function}},
journal = {Immunity},
year = {2015},
volume = {42},
number = {4},
pages = {607--612},
month = apr
}

@article{Konigsberger:2015gl,
author = {K{\"o}nigsberger, Sebastian and Kiefer, Friedemann},
title = {{The BAFFling function of Syk in B-cell homeostasis.}},
journal = {The EMBO Journal},
year = {2015},
volume = {34},
number = {7},
pages = {838--840},
month = apr
}

@article{ZuccarinoCatania:2014eu,
author = {Zuccarino-Catania, Griselda V and Sadanand, Saheli and Weisel, Florian J and Tomayko, Mary M and Meng, Hailong and Kleinstein, Steven H and Good-Jacobson, Kim L and Shlomchik, Mark J},
title = {{CD80 and PD-L2 define functionally distinct memory B cell subsets that are independent of antibody isotype.}},
journal = {Nature Immunology},
year = {2014},
volume = {15},
number = {7},
pages = {631--637},
month = jul
}

@article{Schweighoffer:2013jx,
author = {Schweighoffer, Edina and Vanes, Lesley and Nys, Josquin and Cantrell, Doreen and McCleary, Scott and Smithers, Nicholas and Tybulewicz, Victor L J},
title = {{The BAFF receptor transduces survival signals by co-opting the B cell receptor signaling pathway.}},
journal = {Immunity},
year = {2013},
volume = {38},
number = {3},
pages = {475--488},
month = mar
}

@article{Cerutti:2013bga,
author = {Cerutti, Andrea and Cols, Montserrat and Puga, Irene},
title = {{Marginal zone B cells: virtues of innate- like antibody-producing lymphocytes}},
journal = {Nature Reviews Immunology},
year = {2013},
volume = {13},
number = {2},
pages = {118--132},
month = feb
}

@article{Zikherman:2012ev,
author = {Zikherman, Julie and Parameswaran, Ramya and Weiss, Arthur},
title = {{Endogenous antigen tunes the responsiveness of naive B cells but not T cells.}},
journal = {Nature},
year = {2012},
volume = {489},
number = {7414},
pages = {160--164},
month = sep
}

@article{Tomayko:2010el,
author = {Tomayko, M M and Steinel, N C and Anderson, S M and Shlomchik, M J},
title = {{Cutting Edge: Hierarchy of Maturity of Murine Memory B Cell Subsets}},
journal = {The Journal of Immunology},
year = {2010},
volume = {185},
number = {12},
pages = {7146--7150},
month = dec
}

@article{Roundy:2010im,
author = {Roundy, Kirstin M and Jacobson, Amanda C and Weis, Janis J and Weis, John H},
title = {{The in vitro derivation of phenotypically mature and diverse B cells from immature spleen and bone marrow precursors.}},
journal = {European Journal of Immunology},
year = {2010},
volume = {40},
number = {4},
pages = {1139--1149},
month = apr
}

@article{Pillai:2009bs,
author = {Cariappa, Annaiah},
title = {{The follicular versus marginal zone B lymphocyte cell fate decision.}},
journal = {Nature Reviews Immunology},
year = {2009},
volume = {9},
number = {11},
pages = {767--777},
month = nov
}

@article{Chevrier:2009jw,
author = {Chevrier, St{\'e}phane and Genton, C{\'e}line and Kallies, Axel and Karnowski, Alexander and Otten, Luc A and Malissen, Bernard and Malissen, Marie and Botto, Marina and Corcoran, Lynn M and Nutt, Stephen L and Acha-Orbea, Hans},
title = {{CD93 is required for maintenance of antibody secretion and persistence of plasma cells in the bone marrow niche.}},
journal = {Proceedings of the National Academy of Sciences of the United States of America},
year = {2009},
volume = {106},
number = {10},
pages = {3895--3900},
month = mar
}

@article{Carey:2008jo,
author = {Carey, John B and Moffatt-Blue, Chantelle S and Watson, Lisa C and Gavin, Amanda L and Feeney, Ann J},
title = {{Repertoire-based selection into the marginal zone compartment during B cell development.}},
journal = {The Journal of experimental medicine},
year = {2008},
volume = {205},
number = {9},
pages = {2043--2052},
month = sep
}

@article{Stadanlick:2008gu,
author = {Stadanlick, Jason E and Cancro, Michael P},
title = {{BAFF and the plasticity of peripheral B cell tolerance}},
journal = {Current Opinion in Immunology},
year = {2008},
volume = {20},
number = {2},
pages = {158--161},
month = apr
}

@article{MeyerBahlburg:2008bc,
author = {Meyer-Bahlburg, Almut and Andrews, Sarah F and Yu, Karl O A and Porcelli, Steven A and Rawlings, David J},
title = {{Characterization of a late transitional B cell population highly sensitive to BAFF-mediated homeostatic proliferation.}},
journal = {The Journal of experimental medicine},
year = {2008},
volume = {205},
number = {1},
pages = {155--168},
month = jan
}

@article{Debnath:2007bj,
author = {Debnath, Irina and Roundy, Kirstin M and Weis, Janis J and Weis, John H},
title = {{Defining in vivo transcription factor complexes of the murine CD21 and CD23 genes.}},
journal = {The Journal of Immunology},
year = {2007},
volume = {178},
number = {11},
pages = {7139--7150},
month = jun
}

@article{Cariappa:2007io,
author = {Cariappa, Annaiah and Chase, Catharine and Liu, Haoyuan and Russell, Paul and Pillai, Shiv},
title = {{Naive recirculating B cells mature simultaneously in the spleen and bone marrow.}},
journal = {Blood},
year = {2007},
volume = {109},
number = {6},
pages = {2339--2345},
month = mar
}

@article{Silver:2006ie,
author = {Silver, Karlee and Ferry, Helen and Crockford, Tanya and Cornall, Richard J},
title = {{TLR4, TLR9 and MyD88 are not required for the positive selection of autoreactive B cells into the primary repertoire.}},
journal = {European Journal of Immunology},
year = {2006},
volume = {36},
number = {6},
pages = {1404--1412},
month = jun
}

@article{Sasaki:2006hk,
author = {Sasaki, Yoshiteru and Derudder, Emmanuel and Hobeika, Elias and Pelanda, Roberta and Reth, Michael and Rajewsky, Klaus and Schmidt-Supprian, Marc},
title = {{Canonical NF-kappaB activity, dispensable for B cell development, replaces BAFF-receptor signals and promotes B cell proliferation upon activation.}},
journal = {Immunity},
year = {2006},
volume = {24},
number = {6},
pages = {729--739},
month = jun
}

@article{Shahaf:2006ka,
author = {Shahaf, Gitit and Johnson, Kara and Mehr, Ramit},
title = {{B cell development in aging mice: lessons from mathematical modeling.}},
journal = {International Immunology},
year = {2006},
volume = {18},
number = {1},
pages = {31--39},
month = jan
}

@article{Srivastava:2005jja,
author = {Srivastava, Bhaskar and Quinn, William J and Hazard, Kristin and Erikson, Jan and Allman, David},
title = {{Characterization of marginal zone B cell precursors.}},
journal = {Journal of Experimental Medicine},
year = {2005},
volume = {202},
number = {9},
pages = {1225--1234},
month = nov
}

@article{DC:2005di,
author = {DC, Macallan and DL, Wallace and Y, Zhang and H, Ghattas and B, Asquith and de Lara C and A, Worth and G, Panayiotakopoulus and GE, Griffin and DF, Tough and PC, Beverley},
title = {{B-cell kinetics in humans: rapid turnover of peripheral blood memory cells}},
journal = {The American Society of Hematology},
year = {2005},
volume = {105},
number = {9},
pages = {3633--3640},
month = apr
}

@article{Galkina:2003hk,
author = {Galkina, Elena and Tanousis, Kyriakos and Preece, Graham and Tolaini, Mauro and Kioussis, Dimitris and Florey, Oliver and Haskard, Dorian O and Tedder, Thomas F and Ager, Ann},
title = {{L-selectin shedding does not regulate constitutive T cell trafficking but controls the migration pathways of antigen-activated T lymphocytes.}},
journal = {Journal of Experimental Medicine},
year = {2003},
volume = {198},
number = {9},
pages = {1323--1335},
month = nov
}

@article{Li:2003im,
author = {Li, Zhi-Wei and Omori, Sidne A and Labuda, Tord and Karin, Michael and Rickert, Robert C},
title = {{IKK beta is required for peripheral B cell survival and proliferation.}},
journal = {The Journal of Immunology},
year = {2003},
volume = {170},
number = {9},
pages = {4630--4637},
month = may
}

@article{Saito:2003vk,
author = {Saito, Toshiki and Chiba, Shigeru and Ichikawa, Motoshi and Kunisato, Atsushi and Asai, Takashi and Shimizu, Kiyoshi and Yamaguchi, Tomoyuki and Yamamoto, Go and Seo, Sachiko and Kumano, Keiki and Nakagami-Yamaguchi, Etsuko and Hamada, Yoshio and Aizawa, Shinichi and Hirai, Hisamaru},
title = {{Notch2 is preferentially expressed in mature B cells and indispensable for marginal zone B lineage development.}},
journal = {Immunity},
year = {2003},
volume = {18},
number = {5},
pages = {675--685},
month = may
}

@article{Saito:2003vka,
author = {Saito, Toshiki and Chiba, Shigeru and Ichikawa, Motoshi and Kunisato, Atsushi and Asai, Takashi and Shimizu, Kiyoshi and Yamaguchi, Tomoyuki and Yamamoto, Go and Seo, Sachiko and Kumano, Keiki and Nakagami-Yamaguchi, Etsuko and Hamada, Yoshio and Aizawa, Shinichi and Hirai, Hisamaru},
title = {{Notch2 is preferentially expressed in mature B cells and indispensable for marginal zone B lineage development.}},
journal = {Immunity},
year = {2003},
volume = {18},
number = {5},
pages = {675--685},
month = may
}

@article{Vinuesa:2003hx,
author = {Vinuesa, Carola G and Sze, Daniel M Y and Cook, Matthew C and Toellner, Kai Michael and Klaus, Gerry G B and Ball, Jennifer and MacLennan, Ian C M},
title = {{Recirculating and germinal center B cells differentiate into cells responsive to polysaccharide antigens.}},
journal = {European Journal of Immunology},
year = {2003},
volume = {33},
number = {2},
pages = {297--305},
month = feb
}

@article{Cancro:2003gi,
author = {Cancro, Michael P and Smith, Susan Harless},
title = {{Peripheral B cell selection and homeostasis.}},
journal = {Immunologic research},
year = {2003},
volume = {27},
number = {2-3},
pages = {141--148}
}

@article{Pasparakis:2002cd,
author = {Pasparakis, Manolis and Schmidt-Supprian, Marc and Rajewsky, Klaus},
title = {{IkappaB kinase signaling is essential for maintenance of mature B cells.}},
journal = {Journal of Experimental Medicine},
year = {2002},
volume = {196},
number = {6},
pages = {743--752},
month = sep
}

@article{Martin:2002fn,
author = {Martin, Flavius and Kearney, John F},
title = {{Marginal-zone B cells.}},
journal = {Nature Reviews Immunology},
year = {2002},
volume = {2},
number = {5},
pages = {323--335},
month = may
}

@article{Allman:2001cb,
author = {Allman, D and Lindsley, R C and DeMuth, W and Rudd, K and Shinton, S A and Hardy, R R},
title = {{Resolution of three nonproliferative immature splenic B cell subsets reveals multiple selection points during peripheral B cell maturation.}},
journal = {The Journal of Immunology},
year = {2001},
volume = {167},
number = {12},
pages = {6834--6840},
month = dec
}

@article{comp:2001ti,
author = {Hao, Z and Rajewsky, K},
title = {{Homeostasis of peripheral B cells in the absence of B cell influx from the bone marrow.}},
journal = {Journal of Experimental Medicine},
year = {2001},
volume = {194},
number = {8},
pages = {1151--1164},
month = oct
}

@article{Cariappa:2001ua,
author = {Cariappa, A and Tang, M and Parng, C and Nebelitskiy, E and Carroll, M and Georgopoulos, K and Pillai, S},
title = {{The follicular versus marginal zone B lymphocyte cell fate decision is regulated by Aiolos, Btk, and CD21.}},
journal = {Immunity},
year = {2001},
volume = {14},
number = {5},
pages = {603--615},
month = may
}

@article{Cariappa:2001uaa,
author = {Cariappa, A and Tang, M and Parng, C and Nebelitskiy, E and Carroll, M and Georgopoulos, K and Pillai, S},
title = {{The follicular versus marginal zone B lymphocyte cell fate decision is regulated by Aiolos, Btk, and CD21.}},
journal = {Immunity},
year = {2001},
volume = {14},
number = {5},
pages = {603--615},
month = may
}

@article{Kaisho:2001gz,
author = {Kaisho, T and Takeda, K and Tsujimura, T and Kawai, T and Nomura, F and Terada, N and Akira, S},
title = {{IkappaB kinase alpha is essential for mature B cell development and function.}},
journal = {Journal of Experimental Medicine},
year = {2001},
volume = {193},
number = {4},
pages = {417--426},
month = feb
}

@article{Cariappa:2000hz,
author = {Cariappa, A and Liou, H C and Horwitz, B H and Pillai, S},
title = {{Nuclear factor kappa B is required for the development of marginal zone B lymphocytes.}},
journal = {Journal of Experimental Medicine},
year = {2000},
volume = {192},
number = {8},
pages = {1175--1182},
month = oct
}

@article{Dammers:1999go,
author = {Dammers, P M and de Boer, N K and Deenen, G J and Nieuwenhuis, P and Kroese, F G},
title = {{The origin of marginal zone B cells in the rat.}},
journal = {European Journal of Immunology},
year = {1999},
volume = {29},
number = {5},
pages = {1522--1531},
month = may
}

@article{Kline:1999vv,
author = {Kline, G H and Hayden, T A and Klinman, N R},
title = {{B cell maintenance in aged mice reflects both increased B cell longevity and decreased B cell generation.}},
journal = {The Journal of Immunology},
year = {1999},
volume = {162},
number = {6},
pages = {3342--3349},
month = mar
}

@article{Anonymous:1R5SiWv-,
author = {Rolink, A G and Andersson, J and Melchers, F},
title = {{Characterization of immature B cells by a novel monoclonal antibody, by turnover and by mitogen reactivity.}},
journal = {European Journal of Immunology},
year = {1998},
volume = {28},
number = {11},
pages = {3738--3748},
month = nov
}

@article{Lam:1997ve,
author = {Lam, K P and K{\"u}hn, R and Rajewsky, K},
title = {{In vivo ablation of surface immunoglobulin on mature B cells by inducible gene targeting results in rapid cell death.}},
journal = {Cell},
year = {1997},
volume = {90},
number = {6},
pages = {1073--1083},
month = sep
}

@article{Agenes:1997hk,
author = {Agen{\`e}s, F and Rosado, M M and Freitas, A A},
title = {{Independent homeostatic regulation of B cell compartments.}},
journal = {European Journal of Immunology},
year = {1997},
volume = {27},
number = {7},
pages = {1801--1807},
month = jul
}

@article{Fulcher:1997dr,
author = {Fulcher, D A and Basten, A},
title = {{Influences on the lifespan of B cell subpopulations defined by different phenotypes.}},
journal = {European Journal of Immunology},
year = {1997},
volume = {27},
number = {5},
pages = {1188--1199},
month = may
}

@article{Fulcher:2016uv,
author = {Fulcher, D A and Basten, A},
title = {{B cell life span: A review}},
journal = {Immunology and Cell Biology},
year = {1997},
volume = {75},
number = {5},
pages = {446--455}
}

@article{Carsetti:1995df,
author = {Carsetti, R and K{\"o}hler, G and Lamers, M C},
title = {{Transitional B cells are the target of negative selection in the B cell compartment.}},
journal = {Journal of Experimental Medicine},
year = {1995},
volume = {181},
number = {6},
pages = {2129--2140},
month = jun
}

@article{Allman:1993vz,
author = {Allman, D M and Ferguson, S E and Lentz, V M and Cancro, M P},
title = {{Peripheral B cell maturation. II. Heat-stable antigen(hi) splenic B cells are an immature developmental intermediate in the production of long-lived marrow-derived B cells.}},
journal = {The Journal of Immunology},
year = {1993},
volume = {151},
number = {9},
pages = {4431--4444},
month = nov
}

@article{Grabstein:1993jb,
author = {Grabstein, K H and Waldschmidt, T J and Finkelman, F D and Hess, B W and Alpert, A R and Boiani, N E and Namen, A E and Morrissey, P J},
title = {{Inhibition of murine B and T lymphopoiesis in vivo by an anti-interleukin 7 monoclonal antibody.}},
journal = {Journal of Experimental Medicine},
year = {1993},
volume = {178},
number = {1},
pages = {257--264},
month = jul
}

@article{Chan:2005tm,
author = {Chan, E Y and MacLennan, I C},
title = {{Only a small proportion of splenic B cells in adults are short-lived virgin cells.}},
journal = {European Journal of Immunology},
year = {1993},
volume = {23},
number = {2},
pages = {357--363},
month = feb,
annote = {Short BrdU timecourse}
}

@article{Sprent:1991gm,
author = {Sprent, J and Schaefer, M and Hurd, M and Surh, C D and Ron, Y},
title = {{Mature murine B and T cells transferred to SCID mice can survive indefinitely and many maintain a virgin phenotype.}},
journal = {Journal of Experimental Medicine},
year = {1991},
volume = {174},
number = {3},
pages = {717--728},
month = sep
}

@article{Forster:1990tl,
author = {F{\"o}rster, I and Rajewsky, K},
title = {{The bulk of the peripheral B-cell pool in mice is stable and not rapidly renewed from the bone marrow.}},
journal = {Proceedings of the National Academy of Sciences},
year = {1990},
volume = {87},
number = {12},
pages = {4781--4784},
month = jun
}

@article{Gray:2003va,
author = {Gray, D},
title = {{Population kinetics of rat peripheral B cells.}},
journal = {Journal of Experimental Medicine},
year = {1988},
volume = {167},
number = {3},
pages = {805--816},
month = mar,
annote = {BrdU kinetics of peripheral B cells, only 5 day labelling, linear until 10d, no info thereafter}
}

@article{Hogan:2015bd,
author = {Hogan, Thea and Gossel, Graeme and Yates, Andrew J and Seddon, Benedict},
title = {{Temporal fate mapping reveals age-linked heterogeneity in naive T lymphocytes in mice}},
journal = {Proceedings of the National Academy of Sciences},
year = {2015},
volume = {112},
number = {50},
pages = {E6917--E6926},
month = dec
}

@article{Gossel:2017iu,
author = {Gossel, Graeme and Hogan, Thea and Cownden, Daniel and Seddon, Benedict and Yates, Andrew J},
title = {{Memory CD4 T cell subsets are kinetically heterogeneous and replenished from naive T cells at high levels.}},
journal = {eLife},
year = {2017},
volume = {6},
pages = {596},
month = mar
}



